
@article{patel2017identification,
  title={Identification of essential genes for cancer immunotherapy},
  author={Patel, Shashank J and Sanjana, Neville E and Kishton, Rigel J and Eidizadeh, Arash and Vodnala, Suman K and Cam, Maggie and Gartner, Jared J and Jia, Li and Steinberg, Seth M and Yamamoto, Tori N and others},
  journal={Nature},
  volume={548},
  number={7669},
  pages={537},
  year={2017},
  publisher={Nature Publishing Group}
}



@article {SantoliniE6375,
	author = {Santolini, Marc and Barab{\'a}si, Albert-L{\'a}szl{\'o}},
	title = {Predicting perturbation patterns from the topology of biological networks},
	volume = {115},
	number = {27},
	pages = {E6375--E6383},
	year = {2018},
	doi = {10.1073/pnas.1720589115},
	publisher = {National Academy of Sciences},
	issn = {0027-8424},
	URL = {https://www.pnas.org/content/115/27/E6375},
	eprint = {https://www.pnas.org/content/115/27/E6375.full.pdf},
	journal = {Proceedings of the National Academy of Sciences}
}

@article {PMID:21127196,
	Title = {Dynamic mathematical modeling of IL13-induced signaling in Hodgkin and primary mediastinal B-cell lymphoma allows prediction of therapeutic targets},
	Author = {Raia, Valentina and Schilling, Marcel and Böhm, Martin and Hahn, Bettina and Kowarsch, Andreas and Raue, Andreas and Sticht, Carsten and Bohl, Sebastian and Saile, Maria and Möller, Peter and Gretz, Norbert and Timmer, Jens and Theis, Fabian and Lehmann, Wolf-Dieter and Lichter, Peter and Klingmüller, Ursula},
	DOI = {10.1158/0008-5472.can-10-2987},
	Number = {3},
	Volume = {71},
	Month = {February},
	Year = {2011},
	Journal = {Cancer research},
	ISSN = {0008-5472},
	Pages = {693—704},
	URL = {http://cancerres.aacrjournals.org/cgi/content/full/71/3/693},
}

@ARTICLE{BioModels2010,
  author  = {B{\"u}chel, Finja and Rodriguez, Nicolas and Swainston, Neil and Wrzodek, Clemens and Czauderna, Tobias and Keller, Roland 
            and Mittag, Florian and Schubert, Michael and Glont, Mihai and Golebiewski, Martin and van Iersel, Martijn and Keating, Sarah
            and Rall, Matthias and Wybrow, Michael and Hermjakob, Henning and Hucka, Michael and Kell, Douglas B and M{\"u}ller, Wolfgang
            and Mendes, Pedro and Zell, Andreas and Chaouiya, Claudine and Saez-Rodriguez, Julio and Schreiber, Falk and Laibe, Camille
            and Dr{\"a}ger, Andreas and Le Nov{\`e}re, Nicolas},
  title   = {{Path2Models: large-scale generation of computational models from biochemical pathway maps.}},
  journal = {BMC Systems Biology},
  year    = {2013},
  month   = {Nov},
  volume  = {7},
  pages   = {116},
  pmid    = {24180668}
}



@article{ribas2016association,
  title={Association of pembrolizumab with tumor response and survival among patients with advanced melanoma},
  author={Ribas, Antoni and Hamid, Omid and Daud, Adil and Hodi, F Stephen and Wolchok, Jedd D and Kefford, Richard and Joshua, Anthony M and Patnaik, Amita and Hwu, Wen-Jen and Weber, Jeffrey S and others},
  journal={Jama},
  volume={315},
  number={15},
  pages={1600--1609},
  year={2016},
  publisher={American Medical Association}
}

@article{manguso2017vivo,
  title={In vivo CRISPR screening identifies Ptpn2 as a cancer immunotherapy target},
  author={Manguso, Robert T and Pope, Hans W and Zimmer, Margaret D and Brown, Flavian D and Yates, Kathleen B and Miller, Brian C and Collins, Natalie B and Bi, Kevin and LaFleur, Martin W and Juneja, Vikram R and others},
  journal={Nature},
  volume={547},
  number={7664},
  pages={413},
  year={2017},
  publisher={Nature Publishing Group}
}

@article{doi:10.1142/S0129065717500137,
author = {Fletcher, Jack McKay and Wennekers, Thomas},
title = {From Structure to Activity: Using Centrality Measures to Predict Neuronal Activity},
journal = {International Journal of Neural Systems},
volume = {28},
number = {02},
pages = {1750013},
year = {2018},
doi = {10.1142/S0129065717500137},
    note ={PMID: 28076982},
URL = { 
        https://doi.org/10.1142/S0129065717500137
},
eprint = { 
      https://doi.org/10.1142/S0129065717500137
    
}
}




@article{pan2018major,
  title={A major chromatin regulator determines resistance of tumor cells to T cell--mediated killing},
  author={Pan, Deng and Kobayashi, Aya and Jiang, Peng and de Andrade, Lucas Ferrari and Tay, Rong En and Luoma, Adrienne M and Tsoucas, Daphne and Qiu, Xintao and Lim, Klothilda and Rao, Prakash and others},
  journal={Science},
  volume={359},
  number={6377},
  pages={770--775},
  year={2018},
  publisher={American Association for the Advancement of Science}
}

@article{ritprajak2015intrinsic,
  title={Intrinsic and extrinsic control of expression of the immunoregulatory molecule PD-L1 in epithelial cells and squamous cell carcinoma},
  author={Ritprajak, Patcharee and Azuma, Miyuki},
  journal={Oral oncology},
  volume={51},
  number={3},
  pages={221--228},
  year={2015},
  publisher={Elsevier}
}

